ST*835*000000001~
BPR*I*12433.47*C*ACH*CCP*01*041203824*DA*9653481425*1203174593**01*111000614*~
TRN*1*0927974940*1203174593~
REF*EV*999999999999999~
DTM*405*20251014~
N1*PR*AMBETTER~
N3*7700 FORSYTH~
N4*ST LOUIS*MO*63105~
PER*CX*EDI SUPPORT DESK*TE*8002252573~
PER*BL*EDI HELPDESK*TE*8002252573~
N1*PE*SENIOR CARE PROVIDERS*XX*1841824489~
N3*21396 PROVINCIAL BLVD~
N4*KATY*TX*77450~
REF*TJ*843959949~
LX*1~
CLP*4043215652*1*490*244.26*38.44*MC*Y279MPEY4417**1~
NM1*QC*1*AKTER*ATIFA****MI*U9368349702~
NM1*IL*1*KADER*MOHAMMAD****MI*U9368349701~
NM1*82*1*MANSOUR*MOHAMED****XX*1871809442~
REF*EA*000000413589~
AMT*AU*282.7~
SVC*HC:99214:25*160*128.96~
DTM*472*20251003~
CAS*CO*45*31.04~
REF*6R*995730944L1365980181~
AMT*B6*128.96~
SVC*HC:93923*250*95.14~
DTM*472*20251003~
CAS*CO*45*123.14~
CAS*PR*2*31.72*1~
REF*6R*995730944L1365980182~
AMT*B6*126.86~
SVC*HC:94010*80*20.16~
DTM*472*20251003~
CAS*CO*45*53.12~
CAS*PR*2*6.72*1~
REF*6R*995730944L1365980183~
AMT*B6*26.88~
SE*38*000000001~