ISA*00*          *00*          *ZZ*WSCLAIMS     *ZZ*WSPAYER      *250402*1700*^*00501*000000040*0*P*:

 GS*HP*WSCLAIMS*WSPAYER*20250402*1700*1*X*005010X221A1*


   ST*835*0001*005010X221A1*


BPR*I*800*C*ACH
TRN*1*WHITESPACE001*WS001


 N1*PR*WHITESPACE PAYER*PI*WS001



   N1*PE*WHITESPACE CLINIC*XX*WSC001


LX*1*

CLP*CLM001****800*2*600**CL*WS*111*

CAS*PR*1*200.00*

NM1*QC*1*WSPATIENT*FIRST****MI*WSP001*


  SVC*HC:99213*800*600***1**1*


DTM*472*D8*20250401*



LX*2*


CLP*CLM002****0*2*0**CL*WS*222*


NM1*QC*1*WSPATIENT*SECOND****MI*WSP002*


SE*15*0001*


 GE*1*1*


IEA*1*000000040*
