ISA*00*          *00*          *ZZ*SUBMITTER     *ZZ*RECEIVER      *250403*1100*^*00501*000000999*0*P*:~
GS*HP*SUBMITTER*RECEIVER*20250403*1100*1*X*005010X221A1~
ST*835*0001*005010X221A1~
BPR*H*500*C*ACH*CTX*01*012345678*DA*9876543210*0***ACH*CC*0123456789~
TRN*1*9999999999*0123456789~
N1*PR*MISSING SE TESTS*PI*999888777~
N1*PE*PROVIDER X*XX*111222333~
LX*1~
CLP*CLP001****500*1**CL*12*999~
NM1*QC*1*TESTS*ALEX****34*CLP001~
SVC*HC:99213*500*500***1~
SE*9*0001~
GE*1*1~
IEA*1*000000999~
