ISA*00*          *00*          *ZZ*SUBMITTER     *ZZ*RECEIVER      *250403*1105*^*00501*000000444*0*P*:~
BPR*H*500*C*ACH*CTX*01*012345678*DA*5555666677*0***ACH*CC*0123456789~
GS*HP*SUBMITTER*RECEIVER*20250403*1105*1*X*005010X221A1~
ST*835*0001*005010X221A1~
BPR*H*500*C*ACH*CTX*01*012345678*DA*5555666677*0***ACH*CC*0123456789~
TRN*1*4444444444*0123456789~
N1*PR*ORPHAN TESTS*PI*444333222~
N1*PE*PROVIDER O*XX*333222111~
LX*1~
CLP*CLP001****500*1**CL*12*444~
NM1*QC*1*TESTS*Orville****34*CLP001~
SVC*HC:99213*500*400***1~
SE*12*0001~
GE*1*1~
IEA*1*000000444~
