ISA*00*          *00*          *ZZ*BADRAGPayer   *ZZ*BADRAGProvider *250402*1400*^*00501*000000099*0*P*:~
GS*HP*BADRAGPAYER*BADRAGPROVIDER*20250402*1400*1*X*005010X221A1~
ST*835*0001*005010X221A1~
BPR*I*950*C*ACH****CLP*BADCLAIM001~
TRN*1*888000001*1234567890~
DTM*001*20250402~
N1*PR*BAD INSURANCE COMPANY*PI*BAD001~
N1*PE*BAD MEDICAL GROUP*XX*987654321~
LX*1~
CLP*BADCLAIM001*2000*1*750**CL*12*AAA~
CAS*CO*45*750.00~
CAS*PR*1*500.00~
NM1*QC*1*SMITH*BOB****MI*BADMEMBER001~
DTM*001*20250401~
SVC*HC:99213*1500*750***1**1~
DTP*472*D8*20250401~
LX*2~
CLP*BADCLAIM002*300*4*0**CL**BBB~
CAS*CO*45*200.00~
CAS*PR*1*100.00~
NM1*QC*1*DOE*JANE****MI*BADMEMBER002~
DTM*001*20250401~
SVC*HC:99214*300*0***1**1~
DTP*472*D8*20250401~
SE*22*0001~
GE*1*1~
IEA*1*000000099~
