ISA*00*          *00*          *ZZ*FIRSTIC       *ZZ*FIRSTRCV      *250402*0800*^*00501*000000001*0*P*:~
GS*HP*FIRSTIC*FIRSTRCV*20250402*0800*1*X*005010X221A1~
ST*835*0001*005010X221A1~
BPR*C*500*ACH~
TRN*1*TRAN0001*SRC001~
N1*PR*FIRST PAYER*PI*P001~
N1*PE*FIRST CLINIC*XX*C001~
LX*1~
CLP*CLM001****500*1*500**CL*CL001~
NM1*QC*1*PATIENT*ONE****MI*P001~
SVC*HC:99213*500*500***1**1~
SE*11*0001~
GE*1*1~
IEA*1*000000001~
ISA*00*          *00*          *ZZ*SECONDIC       *ZZ*SECONDRCV     *250402*0900*^*00501*000000002*0*P*:~
GS*HP*SECONDIC*SECONDRCV*20250402*0900*1*X*005010X221A1~
ST*835*0002*005010X221A1~
BPR*C*1200*ACH~
TRN*1*TRAN0002*SRC002~
N1*PR*SECOND PAYER*PI*P002~
N1*PE*SECOND CLINIC*XX*C002~
LX*1~
CLP*CLM001****700*1*700**CL*CL002~
NM1*QC*1*PATIENT*TWO****MI*P002~
SVC*HC:99214*700*700***1**1~
LX*2~
CLP*CLM002****500*1*500**CL*CL003~
NM1*QC*1*PATIENT*THREE****MI*P003~
SVC*HC:99215*500*500***1**1~
SE*13*0002~
GE*1*2~
IEA*1*000000002~
ISA*00*          *00*          *ZZ*THIRDIC        *ZZ*THIRDRCV      *250402*1000*^*00501*000000003*0*P*:~
GS*HC*THIRDIC*THIRDRCV*20250402*1000*1*X*005010X222A1~
ST*837*0003*005010X222A1~
BHT*0019*11*BATCH003*20250402*0930*CH~
NM1*41*2*THIRD SUBMITTER*****46*T003~
PER*IC*THIRD CONTACT*TE*8005550001~
NM1*40*2*THIRD PAYER*****PI*TPAY003~
HL*1**20*1~
NM1*85*2*THIRD PROVIDER*****XX*TPROV003~
HL*2*1*22*1~
SBR*P*18*******CI*THIRDPAYER003~
NM1*IL*1*THIRD*PATIENT****MI*TPAT003~
CLM*CLM003*250****11:B:1*Y*A*Y~
HI*BK:34567~
SV1*HC:99213*250*250***1**1~
DTP*472*D8*20250401~
SE*13*0003~
GE*1*3~
IEA*1*000000003~
