ISA*00*          *00*          *ZZ*SUBMITTER     *ZZ*RECEIVER      *250403*1101*^*00501*000000888*0*P*:~
GS*HP*SUBMITTER*RECEIVER*20250403*1101*1*X*005010X221A1~
ST*835*0001*005010X221A1~
BPR*H*750*C*ACH*CTX*01*012345678*DA*1111222233*0***ACH*CC*0123456789~
TRN*1*8888888888*0123456789~
N1*PR*MISSING GE TESTS*PI*888777666~
N1*PE*PROVIDER Y*XX*222333444~
LX*1~
CLP*CLP001****750*1**CL*12*888~
NM1*QC*1*TESTS*BAILEY****34*CLP001~
SVC*HC:99213*750*750***1~
SE*10*0001~
IEA*1*000000888~
