ISA*00*          *00*          *ZZ*SUBMITTER     *ZZ*RECEIVER      *250403*1104*^*00501*000000555*0*P*:~
GS*HP*SUBMITTER*RECEIVER*20250403*1104*1*X*005010X221A1~
ST*835*0001*005010X221A1~
BPR*H*1000*C*ACH*CTX*01*012345678*DA*1234567890*0***ACH*CC*0123456789~
TRN*1*5555555555*0123456789~
N1*PR*WRONG COUNT TESTS*PI*555444333~
N1*PE*PROVIDER W*XX*444555666~
LX*1~
CLP*CLP001****1000*1**CL*12*555~
NM1*QC*1*TESTS*Wesley****34*CLP001~
SVC*HC:99213*1000*800***1~
SE*20*0001~
GE*1*1~
IEA*1*000000555~
