ISA*00*          *00*          *ZZ*PAYERONE      *ZZ*PROVIDERONE    *250402*1400*^*00501*000000015*0*P*:~
GS*HP*PAYERONE*PROVIDERONE*20250402*1400*1*X*005010X221A1~
ST*835*0001*005010X221A1~
BPR*I*500*C*ACH****CLP*CLP001~
TRN*1*888000001*1234567890~
DTM*001*20250402~
N1*PR*BIG INSURANCE COMPANY*PI*BIG001~
N1*PE*CITY MEDICAL GROUP*XX*987654321~
LX*1~
CLP*CLP001*1000*3*0*700**CL**12*111~
CAS*CO*45*200.00~
CAS*PR*1*100.00~
NM1*QC*1*DOE*JANE****MI*MEMBER001~
DTM*001*20250401~
SVC*HC:99213*250*200***1**1~
DTP*472*D8*20250401~
LX*2~
CLP*CLP002*800*1*0*800**CL**12*222~
CAS*PR*1*50.00~
NM1*QC*1*SMITH*BOB****MI*MEMBER002~
DTM*001*20250401~
SVC*HC:99214*800*750***1**1~
DTP*472*D8*20250402~
SE*23*0001~
GE*1*1~
IEA*1*000000015~
