ISA*00*          *00*          *ZZ*BILLINGCO      *ZZ*PAYERONE      *250402*1530*^*00501*000000010*0*P*:~
GS*HP*BILLINGCO*PAYERONE*20250402*1530*1*X*005010X221A1~
ST*835*0001*005010X221A1~
BPR*I*3500*C*ACH*CTX*01*111222333*DA*999888777*0***ACH*CC*111222333~
TRN*1*9876543210*111222333~
DTM*001*20250402~
N1*PR*PREMIER INSURANCE COMPANY*PI*987654321~
N3*100 INSURANCE PLAZA~
N4*METROPOLIS*ST*10001~
REF*2U*987654321~
REF*NF*AUTO001~
REF*EOB*2025Q1~
N1*PE*MEDICAL ASSOCIATES CLINIC*XX*5551234567~
N3*200 MEDICAL CENTER DR~
N4*HEALTHVILLE*ST*20002~
PER*IC*CLAIMS DEPARTMENT*TE*8005551234*FX*5551239999~
LX*1~
CLP*CLP001****350*3*200**CL*12*111~
CAS*CO*45*100.00~
CAS*PR*1*50.00~
NM1*QC*1*ANDERSON*MICHAEL****MI*MEMBER001A~
DTM*001*20250328~
SVC*HC:99213*250*200***1**1~
DTP*472*D8*20250328~
CAS*CO*45*50.00~
LX*2~
CLP*CLP002****300*2*150**CL*12*222~
CAS*CO*45*75.00~
CAS*PR*1*75.00~
NM1*QC*1*BAKER*SARAH****MI*MEMBER002B~
DTM*001*20250329~
SVC*HC:99214*300*150***1**1~
DTP*472*D8*20250329~
CAS*PR*1*75.00~
LX*3~
CLP*CLP003****275*2*175**CL*12*333~
CAS*CO*45*50.00~
CAS*CO*1*50.00~
NM1*QC*1*CARTER*JAMES****MI*MEMBER003C~
DTM*001*20250330~
SVC*HC:99215*275*175***1**1~
DTP*472*D8*20250330~
LX*4~
CLP*CLP004****450*3*300**CL*12*444~
CAS*CO*45*100.00~
CAS*PR*1*50.00~
NM1*QC*1*DAVIS*LINDA****MI*MEMBER004D~
DTM*001*20250401~
SVC*HC:99213*450*300***1**1~
DTP*472*D8*20250401~
PLB*PREMIER INSURANCE*20250402*CV:CLP001*25.00~
PLB*PREMIER INSURANCE*20250402*WO:CLP002*10.00~
SE*51*0001~
GE*1*1~
IEA*1*000000010~
