ISA*00*          *00*          *ZZ*SUBMITTER     *ZZ*RECEIVER      *250403*1102*^*00501*000000777*0*P*:~
GS*HP*SUBMITTER*RECEIVER*20250403*1102*1*X*005010X221A1~
ST*835*0001*005010X221A1~
BPR*H*250*C*ACH*CTX*01*012345678*DA*4444555566*0***ACH*CC*0123456789~
TRN*1*7777777777*0123456789~
N1*PR*MISSING IEA TESTS*PI*777666555~
N1*PE*PROVIDER Z*XX*333444555~
LX*1~
CLP*CLP001****250*1**CL*12*777~
NM1*QC*1*TESTS*CASEY****34*CLP001~
SVC*HC:99213*250*250***1~
SE*11*0001~
GE*1*1~
