ISA*00*          *00*          *ZZ*SUBMITTER     *ZZ*RECEIVER      *250402*1522*^*00501*000000001*0*P*:~
GS*HP*SUBMITTER*RECEIVER*20250402*1522*1*X*005010X221A1~
ST*835*0001*005010X221A1~
BPR*H*1000*C*ACH*CTX*01*012345678*DA*1234567890*0***ACH*CC*0123456789~
TRN*1*0000000001*0123456789~
DTM*001*20250402~
N1*PR*INSURANCE COMPANY ONE*PI*123456789~
N3*123 MAIN STREET~
N4*CITY*ST*12345~
REF*2U*123456789~
REF*NF*987654321~
N1*PE*PROVIDER CLINIC*XX*987654321~
N3*456 ELM ROAD~
N4*TOWN*ST*67890~
LX*1~
CLP*CLP001****200*3**CL*12*345~
CAS*CO*45*50.00~
NM1*QC*1*SMITH*JOHN****34*CLP001~
DTM*001*20250401~
SVC*HC:99213*250*150***1~
DTP*001*20250401~
CAS*CO*45*100.00~
CAS*PR*1*50.00~
LX*2~
CLP*CLP002****150*2**CL*12*678~
CAS*CO*45*30.00~
NM1*QC*1*DOE*JANE****34*CLP002~
DTM*001*20250401~
SVC*HC:99214*150*120***1~
DTP*001*20250401~
CAS*PR*1*30.00~
SE*30*0001~
GE*1*1~
IEA*1*000000001~
